<record xmlns:xsi="http://www.w3.org/2001/XMLSchema-instance" xmlns="http://www.loc.gov/MARC21/slim" xsi:schemaLocation="http://www.loc.gov/MARC21/slim http://www.loc.gov/standards/marcxml/schema/MARC21slim.xsd">

  <leader>00541nam a2200169Ia 4500</leader>
  <datafield ind2=" " ind1=" " tag="999">
    <subfield code="c">43</subfield>
    <subfield code="d">43</subfield>
  </datafield>
  <controlfield tag="008">150715b1974    us ||||| |||| 00| | eng d</controlfield>
  <datafield ind1=" " tag="020" ind2=" ">
    <subfield code="a">0822416875</subfield>
  </datafield>
  <datafield tag="090" ind1=" " ind2=" ">
    <subfield code="a">06.05.01 </subfield>
    <subfield code="b">1102</subfield>
  </datafield>
  <datafield ind2=" " ind1="1" tag="100">
    <subfield code="a">Gilchrist, Robert S.</subfield>
    <subfield code="9">340</subfield>
  </datafield>
  <datafield ind2="0" tag="245" ind1="1">
    <subfield code="a">Curriculum Development: A humanized systems approach / </subfield>
    <subfield code="c">Roberts S. Gilchrist</subfield>
  </datafield>
  <datafield ind2=" " tag="260" ind1=" ">
    <subfield code="a">USA : </subfield>
    <subfield code="b">Phi Delta Kappa, </subfield>
    <subfield code="c">1974</subfield>
  </datafield>
  <datafield tag="300" ind1=" " ind2=" ">
    <subfield code="a">117 páginas</subfield>
  </datafield>
  <datafield ind2=" " ind1=" " tag="500">
    <subfield code="a">Este documento se encuentra en idioma inglés</subfield>
  </datafield>
  <datafield ind2="4" tag="650" ind1="1">
    <subfield code="a">CURRÍCULO (EDUCACIÓN)</subfield>
    <subfield code="9">342</subfield>
  </datafield>
  <datafield ind2="4" tag="650" ind1="1">
    <subfield code="a">PROGRAMA DE ESTUDIOS</subfield>
    <subfield code="9">1364</subfield>
  </datafield>
  <datafield ind1=" " tag="942" ind2=" ">
    <subfield code="2">z</subfield>
    <subfield code="c">01</subfield>
  </datafield>
</record>